<?xml version="1.0" encoding="UTF-8"?><collection xmlns="http://www.loc.gov/MARC21/slim"><record><leader>00478nam--2200169-i-4500</leader><controlfield tag="001">000036699</controlfield><controlfield tag="002">20161230</controlfield><controlfield tag="005">20161230201041</controlfield><controlfield tag="008">060222s1000------------r-----000-0-rus-d</controlfield><datafield ind1=" " ind2=" " tag="041"><subfield code="a">rus</subfield></datafield><datafield ind1=" " ind2=" " tag="080"><subfield code="a">537.56+539.196.2:533.95</subfield></datafield><datafield ind1="1" ind2=" " tag="100"><subfield code="a">Eletkii, A.V</subfield></datafield><datafield ind1="1" ind2="0" tag="245"><subfield code="a">Iavleniia perenosa v slaboionizovannoi plazme</subfield><subfield code="c">A.V. Eletkii, L.A. Palkina, B.M. Smirnov</subfield></datafield><datafield ind1=" " ind2=" " tag="260"><subfield code="a">Moskva</subfield><subfield code="b">Atomizdat</subfield><subfield code="c">1975</subfield></datafield><datafield ind1="1" ind2=" " tag="700"><subfield code="a">Smirnov, B.M</subfield></datafield><datafield ind1=" " ind2=" " tag="852"><subfield code="a">43019</subfield><subfield code="c">533.9</subfield></datafield><datafield ind1=" " ind2=" " tag="CAT"><subfield code="a">Sys</subfield><subfield code="c">20100927</subfield><subfield code="h">122646</subfield></datafield></record></collection>